=LDR  00824 as a22002537i 4500
=001  016699941
=003  Uk
=005  20140502105507.0
=006  m\\\\\|\\d\|\\\\\\
=007  cr\|||||||||||
=008  140502c\\\\9999\\\\\\p\o\\\\\0\\\a0eng\\
=FMT  \\$a  SE
=245  00$aAnnual Report Sheffield Adult Safeguarding Partnership
=264  \1$bSheffield Adult Safeguarding Partnership
=336  \\$atext$2rdacontent
=337  \\$acomputer$2rdamedia
=338  \\$aonline resource$2rdacarrier
=859  \\$aELD$bejournal
=985  \\$aELD accessioning record awaiting upgrade
=CAT  \\$a6790$b40$c20140502$lBLL01$h1055
=CAT  \\$aW1711-1225$c20171203$lBLL01$h1055
=CAT  \\$aW1711-1005$c20171206$lBLL01$h1827
=STA  \\$aSUPPRESSED$bunable to determine reason for suppression
=LAS  \\$aW1711-1005$b00$c20171206$lBLL01$h1827

