=LDR  00700 as a22002417i 4500
=001  017035529
=003  Uk
=005  20150203110523.0
=006  m\\\\\|\\d\|\\\\\\
=007  cr\|||||||||||
=008  150203c\\\\9999\\\\\\p\o\\\\\0\\\a0eng\\
=FMT  \\$a  SE
=245  00$aAbstraction Charges Scheme
=264  \1$bEnvironment Agency
=336  \\$atext$2rdacontent
=337  \\$acomputer$2rdamedia
=338  \\$aonline resource$2rdacarrier
=859  \\$aELD$bejournal
=985  \\$aELD accessioning record awaiting upgrade
=CAT  \\$a8311$b40$c20150203$lBLL01$h1105
=CAT  \\$aW1711-1005$c20171206$lBLL01$h1828
=STA  \\$aSUPPRESSED$bIngested as issues
=LAS  \\$aW1711-1005$b00$c20171206$lBLL01$h1828

