=LDR  00737 as a22002417i 4500
=001  017379709
=003  Uk
=005  20150602111145.0
=006  m\\\\\|\\d\|\\\\\\
=007  cr\|||||||||||
=008  150602c\\\\9999\\\\\\p\o\\\\\0\\\a0eng\\
=FMT  \\$a  SE
=245  00$aNorth Lincolnshire annual public health report.
=264  \1$bNorth Lincolnshire County Council
=336  \\$atext$2rdacontent
=337  \\$acomputer$2rdamedia
=338  \\$aonline resource$2rdacarrier
=859  \\$aELD$bejournal
=985  \\$aELD accessioning record awaiting upgrade
=CAT  \\$a14412$b40$c20150602$lBLL01$h1111
=CAT  \\$aW1711-1005$c20171206$lBLL01$h1828
=STA  \\$aSUPPRESSED$bIngested as issues
=LAS  \\$aW1711-1005$b00$c20171206$lBLL01$h1828

